<?xml version="1.0" encoding="UTF-8"?><collection xmlns="http://www.loc.gov/MARC21/slim"><record><leader>00397nam--2200133-i-4500</leader><controlfield tag="001">000033205</controlfield><controlfield tag="002">20161230</controlfield><controlfield tag="005">20161230201039</controlfield><controlfield tag="008">060222s1000------------r-----000-0-eng-d</controlfield><datafield ind1=" " ind2=" " tag="080"><subfield code="a">676:620.1:543</subfield></datafield><datafield ind1=" " ind2=" " tag="245"><subfield code="a">Metode de analiza si incercari pentru hirtii si cartoane</subfield></datafield><datafield ind1=" " ind2=" " tag="260"><subfield code="a">Bucuresti, Editura Tehnica, 1957. 382p. + Xx Pl</subfield></datafield><datafield ind1=" " ind2=" " tag="490"><subfield code="a">Biblioteca Standardizarii. Seria Tehnica 11</subfield></datafield><datafield ind1=" " ind2=" " tag="852"><subfield code="a">4533</subfield></datafield></record></collection>